

@COMMENT Motivation Section

@Misc{gard,
author = {Tim Berners Lee},
title = {Establish web's principles of openness and privacy},
howpublished = {\url{https://www.theguardian.com/technology/video/2014/mar/12/world-wide-web-tim-berners-lee-principles-openness-privacy-video}},
note = {date access: 2018-04-25}
}

@Misc{rtbf,
author = {European Commission},
title = {Can I ask a company to delete my personal data?},
howpublished = {\url{https://ec.europa.eu/info/law/law-topic/data-protection/reform/rights-citizens/my-rights/can-i-ask-company-delete-my-personal-data_en}},
note = {date access: 2018-04-25}
}

@Misc{hate,
author = {European Court of Human Rights},
title = {Fact Sheet - Hate Speech},
howpublished = {\url{https://www.echr.coe.int/Documents/FS_Hate_speech_ENG.pdf}},
note = {date access: 2018-04-25}
}

@Misc{libel,
author = {United Kingdom Government},
title = {UK Defamation Act 2013},
howpublished = {\url{http://www.legislation.gov.uk/ukpga/2013/26}},
note = {date access: 2018-04-25}
}

@article{chincensor,
	author = {David Bamman and Brendan O'Connor and Noah Smith},
	title = {Censorship and deletion practices in Chinese social media},
	journal = {First Monday},
	volume = {17},
	number = {3},
	year = {2012},
	url = {https://journals.uic.edu/ojs/index.php/fm/article/view/3943}
}

@TechReport{amcham,
author = {Chairman: James Zimmerman},
title = {Business Climate Survey},
institution = {AmCham China},
year = {2016}
}


@COMMENT Format Preserving Encryption Section

@ARTICLE{FIPS74,
    AUTHOR="National Bureau of Standards",
    TITLE="Guidelines for Implementing and Using the NBS Data Encryption Standard",
    JOURNAL="FIPS PUB 74",
    YEAR="April 1, 1981",
}

@INBOOK{DPE,
    AUTHOR="M. Brightwell and H. Smith",
    TITLE="Using Datatype-Preserving Encryption to Enhance Data Warehouse Security",
    BOOKTITLE="20th NISSC Proceedings",
    PUBLISHER="NIST"    ,
    YEAR="1997",
    PAGES="141-149"
}

@INBOOK{CAFD,
    AUTHOR="J. Black and P. Rogaway",
    TITLE="Ciphers with arbitrary finite domains",
	BOOKTITLE="Topics in Cryptology - CT-RSA 2002",
    PUBLISHER="Springer",
    YEAR="2002",
    PAGES="114-130"
}
@MISC{hp,
	HOWPUBLISHED = {\url{https://www.voltage.com/technology/data-encryption/hpe-format-preserving-encryption}},
	AUTHOR = "Voltage",
	TITLE = "Hewlett Packard Enterprise Format-Preserving Encryption",
	NOTE = "Accessed on 2018-04-20"
}

@INBOOK{fpe,
author="Bellare, Mihir and Ristenpart, Thomas and Rogaway, Phillip and Stegers, Till",
title="Format-Preserving Encryption",
booktitle="Selected Areas in Cryptography",
year="2009",
publisher="Springer Berlin Heidelberg",
pages="295--312",
}

@MastersThesis{rankcf,
author = {E. M\"akinen},
title = {Ranking and unranking left Szilard languages},
school = {Department of Computer Science, University of Tampere},
year = {1997}
}

@COMMENT Format Transforming Encryption Section

@inproceedings{fte,
 author = {Dyer, Kevin P. and Coull, Scott E. and Ristenpart, Thomas and Shrimpton, Thomas},
 title = {Protocol Misidentification Made Easy with Format-transforming Encryption},
 booktitle = {Proceedings of the 2013 ACM SIGSAC Conference on Computer \&\#38; Communications Security},
 series = {CCS '13},
 year = {2013},
 pages = {61--72},
 url = {http://doi.acm.org/10.1145/2508859.2516657},
 publisher = {ACM}
} 

@COMMENT Technical Section

@Misc{wb,
author = {Internet Archive},
title = {Wayback Machine Online Tool},
howpublished = {\url{https://archive.org/web/}}
}

@TechReport{ip4,
author = {C. Perkins},
title = {IP Mobility Support for IPv4},
institution = {The Internet Society},
year = {2002},
note = {\url{https://tools.ietf.org/pdf/rfc3344.pdf}}
}

@article{edelman2005empirical,
  title={Empirical analysis of internet filtering in China},
  author={Edelman, Benjamin and Zittrain, Jonathan},
  journal={Berkman Center for Internet \& Society, Harvard Law School, http://cyber. law. harvard. edu/filtering/china},
  year={2005}
}

@inproceedings{clayton2006ignoring,
  title={Ignoring the great firewall of china},
  author={Clayton, Richard and Murdoch, Steven J and Watson, Robert NM},
  booktitle={International Workshop on Privacy Enhancing Technologies},
  pages={20--35},
  year={2006},
  organization={Springer}
}

@COMMENT TOR

@inproceedings{webfinger,
 author = {Cai, Xiang and Zhang, Xin Cheng and Joshi, Brijesh and Johnson, Rob},
 title = {Touching from a Distance: Website Fingerprinting Attacks and Defenses},
 booktitle = {Proceedings of the 2012 ACM Conference on Computer and Communications Security},
 series = {CCS '12},
 year = {2012},
 pages = {605--616},
 url = {http://doi.acm.org/10.1145/2382196.2382260},
 publisher = {ACM}
} 


@InProceedings{conf,
author="Shmatikov, Vitaly
and Wang, Ming-Hsiu",
title="Timing Analysis in Low-Latency Mix Networks: Attacks and Defenses",
booktitle="Computer Security -- ESORICS 2006",
year="2006",
publisher="Springer Berlin Heidelberg",
pages="18--33"
}

@inproceedings{torben,
 author = {Arp, Daniel and Yamaguchi, Fabian and Rieck, Konrad},
 title = {Torben: A Practical Side-Channel Attack for Deanonymizing Tor Communication},
 booktitle = {Proceedings of the 10th ACM Symposium on Information, Computer and Communications Security},
 series = {ASIA CCS '15},
 year = {2015},
 pages = {597--602},
 url = {http://doi.acm.org/10.1145/2714576.2714627}
} 

@article{AS,
  author    = {Rishab Nithyanand and
               Oleksii Starov and
               Adva Zair and
               Phillipa Gill and
               Michael Schapira},
  title     = {Measuring and mitigating AS-level adversaries against Tor},
  journal   = {CoRR},
  volume    = {abs/1505.05173},
  year      = {2015},
  url       = {http://arxiv.org/abs/1505.05173}
}

@COMMENT Implementation


@Misc{alexa,
author = {Alexa},
title = {The top 500 sites on the web},
howpublished = {\url{https://www.alexa.com/topsites}},
note = {Date accessed: 20180-04-20}
}
